@INPROCEEDINGS{Tan93IndepVsCoop,
    author = {Ming Tan},
    title = {Multi-Agent Reinforcement Learning: Independent vs. Cooperative Agents},
    booktitle = {In Proceedings of the Tenth International Conference on Machine Learning},
    year = {1993},
    pages = {330--337},
    publisher = {Morgan Kaufmann}
}

@MISC{Hu98TheoreticFramework,
    author = {Junling Hu and Michael P. Wellman},
    title = {Multiagent Reinforcement Learning: Theoretical Framework and an Algorithm},
    year = {1998}
}

@ARTICLE{Panait05CooperativeMultiAgent,
    author = {Liviu Panait and Sean Luke},
    title = {Cooperative Multi-Agent Learning: The State of the Art},
    journal = {Autonomous Agents and Multi-Agent Systems},
    year = {2005},
    volume = {11},
    pages = {2005}
}

@MISC{Sutton98reinforcementlearning,
    author = {Richard S. Sutton and Andrew G. Barto},
    title = {Reinforcement Learning I: Introduction},
    year = {1998}
}

@ARTICLE{Busoniu08CompSurvey,
    author={Busoniu, L. and Babuska, R. and De Schutter, B.},
    journal={Systems, Man, and Cybernetics, Part C: Applications and Reviews, IEEE Transactions on},
    title={A Comprehensive Survey of Multiagent Reinforcement Learning},
    year={2008},
    volume={38},
    number={2},
    pages={156-172},
    keywords={learning (artificial intelligence);multi-agent systems;distributed control;game theory;multiagent reinforcement learning;multiagent system;Distributed control;game theory;multiagent systems;reinforcement learning},
    doi={10.1109/TSMCC.2007.913919},
    ISSN={1094-6977},
    month={March}
}

@INCOLLECTION{Nowe12GameTheoryMultiAgentReinforcement,
    year={2012},
    isbn={978-3-642-27644-6},
    booktitle={Reinforcement Learning},
    volume={12},
    series={Adaptation, Learning, and Optimization},
    editor={Wiering, Marco and van Otterlo, Martijn},
    doi={10.1007/978-3-642-27645-3_14},
    title={Game Theory and Multi-agent Reinforcement Learning},
    url={http://dx.doi.org/10.1007/978-3-642-27645-3_14},
    publisher={Springer Berlin Heidelberg},
    author={Nowé, Ann and Vrancx, Peter and De Hauwere, Yann-Michaël},
    pages={441-470},
    language={English}
}


@ARTICLE{coop_mult,
    author = {Liviu Panait and Sean Luke},
    title = {Cooperative Multi-Agent Learning: The State of the Art},
    journal = {Autonomous Agents and Multi-Agent Systems},
    year = {2005},
    volume = {11},
    pages = {2005}
}